<?xml version="1.0" encoding="UTF-8"?><collection xmlns="http://www.loc.gov/MARC21/slim"><record><leader>00400nam--2200145-i-4500</leader><controlfield tag="001">000009782</controlfield><controlfield tag="002">20161230</controlfield><controlfield tag="005">20170223104903</controlfield><controlfield tag="008">060222s1000------------r-----000-0-eng-d</controlfield><datafield ind1=" " ind2=" " tag="040"><subfield code="a">IFIN-HH</subfield></datafield><datafield ind1="1" ind2=" " tag="100"><subfield code="a">Burckhardt, Cristoph B., Collier, Robert J.And Lin, Lawrence H</subfield></datafield><datafield ind1="1" ind2="0" tag="245"><subfield code="a">Optical holography</subfield></datafield><datafield ind1=" " ind2=" " tag="260"><subfield code="a">New York, Academic Press, 1971</subfield></datafield><datafield ind1=" " ind2=" " tag="300"><subfield code="a">XVIII</subfield><subfield code="c">605p</subfield></datafield><datafield ind1=" " ind2=" " tag="CAT"><subfield code="a">SYS</subfield><subfield code="c">20170223</subfield><subfield code="h">104903</subfield></datafield></record></collection>